%YAML 1.1
%TAG !u! tag:unity3d.com,2011:
--- !u!1 &253264081553971226
GameObject:
  m_ObjectHideFlags: 0
  m_CorrespondingSourceObject: {fileID: 0}
  m_PrefabInstance: {fileID: 0}
  m_PrefabAsset: {fileID: 0}
  serializedVersion: 6
  m_Component:
  - component: {fileID: 5557541012144674900}
  - component: {fileID: 6926686640433938394}
  m_Layer: 0
  m_Name: sign
  m_TagString: Untagged
  m_Icon: {fileID: 0}
  m_NavMeshLayer: 0
  m_StaticEditorFlags: 0
  m_IsActive: 1
--- !u!4 &5557541012144674900
Transform:
  m_ObjectHideFlags: 0
  m_CorrespondingSourceObject: {fileID: 0}
  m_PrefabInstance: {fileID: 0}
  m_PrefabAsset: {fileID: 0}
  m_GameObject: {fileID: 253264081553971226}
  m_LocalRotation: {x: -0, y: -0, z: -0, w: 1}
  m_LocalPosition: {x: 38.98, y: -2.8, z: 1.7616737}
  m_LocalScale: {x: 5.4368243, y: 5.4368243, z: 5.4368243}
  m_Children: []
  m_Father: {fileID: 2264762250067223090}
  m_RootOrder: 2
  m_LocalEulerAnglesHint: {x: 0, y: 0, z: 0}
--- !u!212 &6926686640433938394
SpriteRenderer:
  m_ObjectHideFlags: 0
  m_CorrespondingSourceObject: {fileID: 0}
  m_PrefabInstance: {fileID: 0}
  m_PrefabAsset: {fileID: 0}
  m_GameObject: {fileID: 253264081553971226}
  m_Enabled: 1
  m_CastShadows: 0
  m_ReceiveShadows: 0
  m_DynamicOccludee: 1
  m_MotionVectors: 1
  m_LightProbeUsage: 1
  m_ReflectionProbeUsage: 1
  m_RenderingLayerMask: 1
  m_RendererPriority: 0
  m_Materials:
  - {fileID: 10754, guid: 0000000000000000f000000000000000, type: 0}
  m_StaticBatchInfo:
    firstSubMesh: 0
    subMeshCount: 0
  m_StaticBatchRoot: {fileID: 0}
  m_ProbeAnchor: {fileID: 0}
  m_LightProbeVolumeOverride: {fileID: 0}
  m_ScaleInLightmap: 1
  m_ReceiveGI: 1
  m_PreserveUVs: 0
  m_IgnoreNormalsForChartDetection: 0
  m_ImportantGI: 0
  m_StitchLightmapSeams: 1
  m_SelectedEditorRenderState: 0
  m_MinimumChartSize: 4
  m_AutoUVMaxDistance: 0.5
  m_AutoUVMaxAngle: 89
  m_LightmapParameters: {fileID: 0}
  m_SortingLayerID: 0
  m_SortingLayer: 0
  m_SortingOrder: 0
  m_Sprite: {fileID: 21300000, guid: 42820af2772f24bda991ed7de294c2fd, type: 3}
  m_Color: {r: 1, g: 1, b: 1, a: 1}
  m_FlipX: 0
  m_FlipY: 0
  m_DrawMode: 0
  m_Size: {x: 0.36, y: 0.4}
  m_AdaptiveModeThreshold: 0.5
  m_SpriteTileMode: 0
  m_WasSpriteAssigned: 1
  m_MaskInteraction: 0
  m_SpriteSortPoint: 0
--- !u!1 &1335093659498011277
GameObject:
  m_ObjectHideFlags: 0
  m_CorrespondingSourceObject: {fileID: 0}
  m_PrefabInstance: {fileID: 0}
  m_PrefabAsset: {fileID: 0}
  serializedVersion: 6
  m_Component:
  - component: {fileID: 4542607074997475393}
  m_Layer: 0
  m_Name: SpawnPosition
  m_TagString: Untagged
  m_Icon: {fileID: 0}
  m_NavMeshLayer: 0
  m_StaticEditorFlags: 0
  m_IsActive: 1
--- !u!4 &4542607074997475393
Transform:
  m_ObjectHideFlags: 0
  m_CorrespondingSourceObject: {fileID: 0}
  m_PrefabInstance: {fileID: 0}
  m_PrefabAsset: {fileID: 0}
  m_GameObject: {fileID: 1335093659498011277}
  m_LocalRotation: {x: -0, y: -0, z: -0, w: 1}
  m_LocalPosition: {x: 110.9, y: -3, z: -21.624002}
  m_LocalScale: {x: 1, y: 1, z: 1}
  m_Children: []
  m_Father: {fileID: 2514093442660502489}
  m_RootOrder: 3
  m_LocalEulerAnglesHint: {x: 0, y: 0, z: 0}
--- !u!1 &1827772110055445039
GameObject:
  m_ObjectHideFlags: 0
  m_CorrespondingSourceObject: {fileID: 0}
  m_PrefabInstance: {fileID: 0}
  m_PrefabAsset: {fileID: 0}
  serializedVersion: 6
  m_Component:
  - component: {fileID: 663424639525106557}
  m_Layer: 0
  m_Name: Coin
  m_TagString: Untagged
  m_Icon: {fileID: 0}
  m_NavMeshLayer: 0
  m_StaticEditorFlags: 0
  m_IsActive: 1
--- !u!4 &663424639525106557
Transform:
  m_ObjectHideFlags: 0
  m_CorrespondingSourceObject: {fileID: 0}
  m_PrefabInstance: {fileID: 0}
  m_PrefabAsset: {fileID: 0}
  m_GameObject: {fileID: 1827772110055445039}
  m_LocalRotation: {x: 0, y: 0, z: 0, w: 1}
  m_LocalPosition: {x: 0, y: 0, z: 0}
  m_LocalScale: {x: 1, y: 1, z: 1}
  m_Children:
  - {fileID: 455656640776061974}
  m_Father: {fileID: 2514093442660502489}
  m_RootOrder: 4
  m_LocalEulerAnglesHint: {x: 0, y: 0, z: 0}
--- !u!1 &2807415575335734648
GameObject:
  m_ObjectHideFlags: 0
  m_CorrespondingSourceObject: {fileID: 0}
  m_PrefabInstance: {fileID: 0}
  m_PrefabAsset: {fileID: 0}
  serializedVersion: 6
  m_Component:
  - component: {fileID: 2264762250067223090}
  m_Layer: 0
  m_Name: Enviroment
  m_TagString: Untagged
  m_Icon: {fileID: 0}
  m_NavMeshLayer: 0
  m_StaticEditorFlags: 0
  m_IsActive: 1
--- !u!4 &2264762250067223090
Transform:
  m_ObjectHideFlags: 0
  m_CorrespondingSourceObject: {fileID: 0}
  m_PrefabInstance: {fileID: 0}
  m_PrefabAsset: {fileID: 0}
  m_GameObject: {fileID: 2807415575335734648}
  m_LocalRotation: {x: 0, y: 0, z: 0, w: 1}
  m_LocalPosition: {x: 0, y: 0, z: 3}
  m_LocalScale: {x: 1, y: 1, z: 1}
  m_Children:
  - {fileID: 6968316712602889210}
  - {fileID: 4317664198606412284}
  - {fileID: 5557541012144674900}
  m_Father: {fileID: 2514093442660502489}
  m_RootOrder: 2
  m_LocalEulerAnglesHint: {x: 0, y: 0, z: 0}
--- !u!1 &3222996510381635630
GameObject:
  m_ObjectHideFlags: 0
  m_CorrespondingSourceObject: {fileID: 0}
  m_PrefabInstance: {fileID: 0}
  m_PrefabAsset: {fileID: 0}
  serializedVersion: 6
  m_Component:
  - component: {fileID: 3754617696667798802}
  - component: {fileID: 2262343216307859612}
  - component: {fileID: 4305376507879480986}
  m_Layer: 10
  m_Name: SpawnerNextBlock
  m_TagString: Untagged
  m_Icon: {fileID: 0}
  m_NavMeshLayer: 0
  m_StaticEditorFlags: 0
  m_IsActive: 1
--- !u!4 &3754617696667798802
Transform:
  m_ObjectHideFlags: 0
  m_CorrespondingSourceObject: {fileID: 0}
  m_PrefabInstance: {fileID: 0}
  m_PrefabAsset: {fileID: 0}
  m_GameObject: {fileID: 3222996510381635630}
  m_LocalRotation: {x: -0, y: -0, z: -0, w: 1}
  m_LocalPosition: {x: 13.748899, y: 6.151581, z: 1.7616737}
  m_LocalScale: {x: 26.56164, y: 27.883396, z: 1.8955}
  m_Children: []
  m_Father: {fileID: 2514093442660502489}
  m_RootOrder: 0
  m_LocalEulerAnglesHint: {x: 0, y: 0, z: 0}
--- !u!61 &2262343216307859612
BoxCollider2D:
  m_ObjectHideFlags: 0
  m_CorrespondingSourceObject: {fileID: 0}
  m_PrefabInstance: {fileID: 0}
  m_PrefabAsset: {fileID: 0}
  m_GameObject: {fileID: 3222996510381635630}
  m_Enabled: 1
  m_Density: 1
  m_Material: {fileID: 0}
  m_IsTrigger: 1
  m_UsedByEffector: 0
  m_UsedByComposite: 0
  m_Offset: {x: 0, y: 0}
  m_SpriteTilingProperty:
    border: {x: 0, y: 0, z: 0, w: 0}
    pivot: {x: 0, y: 0}
    oldSize: {x: 0, y: 0}
    newSize: {x: 0, y: 0}
    adaptiveTilingThreshold: 0
    drawMode: 0
    adaptiveTiling: 0
  m_AutoTiling: 0
  serializedVersion: 2
  m_Size: {x: 1, y: 1}
  m_EdgeRadius: 0
--- !u!114 &4305376507879480986
MonoBehaviour:
  m_ObjectHideFlags: 0
  m_CorrespondingSourceObject: {fileID: 0}
  m_PrefabInstance: {fileID: 0}
  m_PrefabAsset: {fileID: 0}
  m_GameObject: {fileID: 3222996510381635630}
  m_Enabled: 1
  m_EditorHideFlags: 0
  m_Script: {fileID: 11500000, guid: e08451cd988d807408ccab7a31d55033, type: 3}
  m_Name: 
  m_EditorClassIdentifier: 
  gameMaster: {fileID: 0}
  test: {fileID: 4319973465502574939, guid: 98bdc2e442049fe4ab567ee8bddf5a64, type: 3}
  spawnPosition: {fileID: 4542607074997475393}
  randomNumber: 0
--- !u!1 &3599649246055014781
GameObject:
  m_ObjectHideFlags: 0
  m_CorrespondingSourceObject: {fileID: 0}
  m_PrefabInstance: {fileID: 0}
  m_PrefabAsset: {fileID: 0}
  serializedVersion: 6
  m_Component:
  - component: {fileID: 4317664198606412284}
  - component: {fileID: 7211769235062922078}
  m_Layer: 0
  m_Name: bush
  m_TagString: Untagged
  m_Icon: {fileID: 0}
  m_NavMeshLayer: 0
  m_StaticEditorFlags: 0
  m_IsActive: 1
--- !u!4 &4317664198606412284
Transform:
  m_ObjectHideFlags: 0
  m_CorrespondingSourceObject: {fileID: 0}
  m_PrefabInstance: {fileID: 0}
  m_PrefabAsset: {fileID: 0}
  m_GameObject: {fileID: 3599649246055014781}
  m_LocalRotation: {x: -0, y: -0, z: -0, w: 1}
  m_LocalPosition: {x: 24.43, y: -2.19, z: 1.7616737}
  m_LocalScale: {x: 5.988, y: 5.988, z: 5.988}
  m_Children: []
  m_Father: {fileID: 2264762250067223090}
  m_RootOrder: 1
  m_LocalEulerAnglesHint: {x: 0, y: 0, z: 0}
--- !u!212 &7211769235062922078
SpriteRenderer:
  m_ObjectHideFlags: 0
  m_CorrespondingSourceObject: {fileID: 0}
  m_PrefabInstance: {fileID: 0}
  m_PrefabAsset: {fileID: 0}
  m_GameObject: {fileID: 3599649246055014781}
  m_Enabled: 1
  m_CastShadows: 0
  m_ReceiveShadows: 0
  m_DynamicOccludee: 1
  m_MotionVectors: 1
  m_LightProbeUsage: 1
  m_ReflectionProbeUsage: 1
  m_RenderingLayerMask: 1
  m_RendererPriority: 0
  m_Materials:
  - {fileID: 10754, guid: 0000000000000000f000000000000000, type: 0}
  m_StaticBatchInfo:
    firstSubMesh: 0
    subMeshCount: 0
  m_StaticBatchRoot: {fileID: 0}
  m_ProbeAnchor: {fileID: 0}
  m_LightProbeVolumeOverride: {fileID: 0}
  m_ScaleInLightmap: 1
  m_ReceiveGI: 1
  m_PreserveUVs: 0
  m_IgnoreNormalsForChartDetection: 0
  m_ImportantGI: 0
  m_StitchLightmapSeams: 1
  m_SelectedEditorRenderState: 0
  m_MinimumChartSize: 4
  m_AutoUVMaxDistance: 0.5
  m_AutoUVMaxAngle: 89
  m_LightmapParameters: {fileID: 0}
  m_SortingLayerID: 0
  m_SortingLayer: 0
  m_SortingOrder: 0
  m_Sprite: {fileID: 21300000, guid: ecc204495234d40f091d828790c56287, type: 3}
  m_Color: {r: 1, g: 1, b: 1, a: 1}
  m_FlipX: 0
  m_FlipY: 0
  m_DrawMode: 0
  m_Size: {x: 0.92, y: 0.56}
  m_AdaptiveModeThreshold: 0.5
  m_SpriteTileMode: 0
  m_WasSpriteAssigned: 1
  m_MaskInteraction: 0
  m_SpriteSortPoint: 0
--- !u!1 &4346984910311852991
GameObject:
  m_ObjectHideFlags: 0
  m_CorrespondingSourceObject: {fileID: 0}
  m_PrefabInstance: {fileID: 0}
  m_PrefabAsset: {fileID: 0}
  serializedVersion: 6
  m_Component:
  - component: {fileID: 6527592652621440379}
  - component: {fileID: 8159949252258716151}
  - component: {fileID: 8770285288286333680}
  m_Layer: 0
  m_Name: Empty
  m_TagString: Untagged
  m_Icon: {fileID: 0}
  m_NavMeshLayer: 0
  m_StaticEditorFlags: 0
  m_IsActive: 1
--- !u!4 &6527592652621440379
Transform:
  m_ObjectHideFlags: 0
  m_CorrespondingSourceObject: {fileID: 0}
  m_PrefabInstance: {fileID: 0}
  m_PrefabAsset: {fileID: 0}
  m_GameObject: {fileID: 4346984910311852991}
  m_LocalRotation: {x: -0, y: -0, z: -0, w: 1}
  m_LocalPosition: {x: 0, y: 0, z: 0}
  m_LocalScale: {x: 1, y: 1, z: 1}
  m_Children: []
  m_Father: {fileID: 7387451994718961243}
  m_RootOrder: 4
  m_LocalEulerAnglesHint: {x: 0, y: 0, z: 0}
--- !u!1839735485 &8159949252258716151
Tilemap:
  m_ObjectHideFlags: 0
  m_CorrespondingSourceObject: {fileID: 0}
  m_PrefabInstance: {fileID: 0}
  m_PrefabAsset: {fileID: 0}
  m_GameObject: {fileID: 4346984910311852991}
  m_Enabled: 1
  m_Tiles: {}
  m_AnimatedTiles: {}
  m_TileAssetArray: []
  m_TileSpriteArray: []
  m_TileMatrixArray: []
  m_TileColorArray: []
  m_AnimationFrameRate: 1
  m_Color: {r: 1, g: 1, b: 1, a: 1}
  m_Origin: {x: 0, y: 0, z: 0}
  m_Size: {x: 0, y: 0, z: 1}
  m_TileAnchor: {x: 0.5, y: 0.5, z: 0}
  m_TileOrientation: 0
  m_TileOrientationMatrix:
    e00: 1
    e01: 0
    e02: 0
    e03: 0
    e10: 0
    e11: 1
    e12: 0
    e13: 0
    e20: 0
    e21: 0
    e22: 1
    e23: 0
    e30: 0
    e31: 0
    e32: 0
    e33: 1
--- !u!483693784 &8770285288286333680
TilemapRenderer:
  m_ObjectHideFlags: 0
  m_CorrespondingSourceObject: {fileID: 0}
  m_PrefabInstance: {fileID: 0}
  m_PrefabAsset: {fileID: 0}
  m_GameObject: {fileID: 4346984910311852991}
  m_Enabled: 1
  m_CastShadows: 0
  m_ReceiveShadows: 0
  m_DynamicOccludee: 1
  m_MotionVectors: 1
  m_LightProbeUsage: 0
  m_ReflectionProbeUsage: 0
  m_RenderingLayerMask: 1
  m_RendererPriority: 0
  m_Materials:
  - {fileID: 10754, guid: 0000000000000000f000000000000000, type: 0}
  m_StaticBatchInfo:
    firstSubMesh: 0
    subMeshCount: 0
  m_StaticBatchRoot: {fileID: 0}
  m_ProbeAnchor: {fileID: 0}
  m_LightProbeVolumeOverride: {fileID: 0}
  m_ScaleInLightmap: 1
  m_ReceiveGI: 1
  m_PreserveUVs: 0
  m_IgnoreNormalsForChartDetection: 0
  m_ImportantGI: 0
  m_StitchLightmapSeams: 1
  m_SelectedEditorRenderState: 0
  m_MinimumChartSize: 4
  m_AutoUVMaxDistance: 0.5
  m_AutoUVMaxAngle: 89
  m_LightmapParameters: {fileID: 0}
  m_SortingLayerID: 0
  m_SortingLayer: 0
  m_SortingOrder: 3
  m_ChunkSize: {x: 32, y: 32, z: 32}
  m_ChunkCullingBounds: {x: 0, y: 0, z: 0}
  m_MaxChunkCount: 16
  m_MaxFrameAge: 16
  m_SortOrder: 0
  m_Mode: 0
  m_DetectChunkCullingBounds: 0
  m_MaskInteraction: 0
--- !u!1 &6078281872850168849
GameObject:
  m_ObjectHideFlags: 0
  m_CorrespondingSourceObject: {fileID: 0}
  m_PrefabInstance: {fileID: 0}
  m_PrefabAsset: {fileID: 0}
  serializedVersion: 6
  m_Component:
  - component: {fileID: 7423180076551945960}
  - component: {fileID: 3014857797896159934}
  - component: {fileID: 6871741817498629179}
  - component: {fileID: 8796131407255629863}
  m_Layer: 13
  m_Name: hSpike2
  m_TagString: Wall
  m_Icon: {fileID: 0}
  m_NavMeshLayer: 0
  m_StaticEditorFlags: 0
  m_IsActive: 1
--- !u!4 &7423180076551945960
Transform:
  m_ObjectHideFlags: 0
  m_CorrespondingSourceObject: {fileID: 0}
  m_PrefabInstance: {fileID: 0}
  m_PrefabAsset: {fileID: 0}
  m_GameObject: {fileID: 6078281872850168849}
  m_LocalRotation: {x: 0, y: 0, z: 1, w: 0}
  m_LocalPosition: {x: 0.5, y: 0, z: 0}
  m_LocalScale: {x: 1, y: 1, z: 1}
  m_Children: []
  m_Father: {fileID: 7387451994718961243}
  m_RootOrder: 2
  m_LocalEulerAnglesHint: {x: 0, y: 0, z: 180}
--- !u!1839735485 &3014857797896159934
Tilemap:
  m_ObjectHideFlags: 0
  m_CorrespondingSourceObject: {fileID: 0}
  m_PrefabInstance: {fileID: 0}
  m_PrefabAsset: {fileID: 0}
  m_GameObject: {fileID: 6078281872850168849}
  m_Enabled: 1
  m_Tiles: {}
  m_AnimatedTiles: {}
  m_TileAssetArray:
  - m_RefCount: 1
    m_Data: {fileID: 0}
  - m_RefCount: 0
    m_Data: {fileID: 0}
  m_TileSpriteArray:
  - m_RefCount: 1
    m_Data: {fileID: 0}
  - m_RefCount: 0
    m_Data: {fileID: 0}
  m_TileMatrixArray:
  - m_RefCount: 1
    m_Data:
      e00: NaN
      e01: NaN
      e02: -1.6069624e+17
      e03: 0
      e10: NaN
      e11: NaN
      e12: 1.7e-43
      e13: 0
      e20: 0
      e21: -1.6069596e+17
      e22: 0
      e23: 0
      e30: 0
      e31: 1.7e-43
      e32: 0
      e33: 0
  - m_RefCount: 0
    m_Data:
      e00: NaN
      e01: NaN
      e02: -1.6069624e+17
      e03: 0
      e10: NaN
      e11: NaN
      e12: 1.7e-43
      e13: 0
      e20: 0
      e21: -1.6069596e+17
      e22: 0
      e23: 0
      e30: 0
      e31: 1.7e-43
      e32: 0
      e33: 0
  m_TileColorArray:
  - m_RefCount: 1
    m_Data: {r: -3.472089e+14, g: -3.472089e+14, b: -3.472089e+14, a: -3.472089e+14}
  - m_RefCount: 0
    m_Data: {r: -2.6452516e+14, g: -2.6452516e+14, b: -2.6452516e+14, a: -2.6452516e+14}
  m_AnimationFrameRate: 1
  m_Color: {r: 1, g: 1, b: 1, a: 1}
  m_Origin: {x: -1, y: -1, z: 0}
  m_Size: {x: 12, y: 4, z: 1}
  m_TileAnchor: {x: 0.5, y: 0.25, z: 0}
  m_TileOrientation: 0
  m_TileOrientationMatrix:
    e00: 1
    e01: 0
    e02: 0
    e03: 0
    e10: 0
    e11: 1
    e12: 0
    e13: 0
    e20: 0
    e21: 0
    e22: 1
    e23: 0
    e30: 0
    e31: 0
    e32: 0
    e33: 1
--- !u!483693784 &6871741817498629179
TilemapRenderer:
  m_ObjectHideFlags: 0
  m_CorrespondingSourceObject: {fileID: 0}
  m_PrefabInstance: {fileID: 0}
  m_PrefabAsset: {fileID: 0}
  m_GameObject: {fileID: 6078281872850168849}
  m_Enabled: 1
  m_CastShadows: 0
  m_ReceiveShadows: 0
  m_DynamicOccludee: 1
  m_MotionVectors: 1
  m_LightProbeUsage: 0
  m_ReflectionProbeUsage: 0
  m_RenderingLayerMask: 1
  m_RendererPriority: 0
  m_Materials:
  - {fileID: 10754, guid: 0000000000000000f000000000000000, type: 0}
  m_StaticBatchInfo:
    firstSubMesh: 0
    subMeshCount: 0
  m_StaticBatchRoot: {fileID: 0}
  m_ProbeAnchor: {fileID: 0}
  m_LightProbeVolumeOverride: {fileID: 0}
  m_ScaleInLightmap: 1
  m_ReceiveGI: 1
  m_PreserveUVs: 0
  m_IgnoreNormalsForChartDetection: 0
  m_ImportantGI: 0
  m_StitchLightmapSeams: 1
  m_SelectedEditorRenderState: 0
  m_MinimumChartSize: 4
  m_AutoUVMaxDistance: 0.5
  m_AutoUVMaxAngle: 89
  m_LightmapParameters: {fileID: 0}
  m_SortingLayerID: 0
  m_SortingLayer: 0
  m_SortingOrder: 4
  m_ChunkSize: {x: 32, y: 32, z: 32}
  m_ChunkCullingBounds: {x: 0, y: 0, z: 0}
  m_MaxChunkCount: 16
  m_MaxFrameAge: 16
  m_SortOrder: 0
  m_Mode: 0
  m_DetectChunkCullingBounds: 0
  m_MaskInteraction: 0
--- !u!19719996 &8796131407255629863
TilemapCollider2D:
  m_ObjectHideFlags: 0
  m_CorrespondingSourceObject: {fileID: 0}
  m_PrefabInstance: {fileID: 0}
  m_PrefabAsset: {fileID: 0}
  m_GameObject: {fileID: 6078281872850168849}
  m_Enabled: 1
  m_Density: 1
  m_Material: {fileID: 0}
  m_IsTrigger: 0
  m_UsedByEffector: 0
  m_UsedByComposite: 0
  m_Offset: {x: 0, y: 0}
  m_MaximumTileChangeCount: 1000
  m_ExtrusionFactor: 0.00001
--- !u!1 &7387451993787111046
GameObject:
  m_ObjectHideFlags: 0
  m_CorrespondingSourceObject: {fileID: 0}
  m_PrefabInstance: {fileID: 0}
  m_PrefabAsset: {fileID: 0}
  serializedVersion: 6
  m_Component:
  - component: {fileID: 7387451993787111049}
  - component: {fileID: 7387451993787111051}
  - component: {fileID: 7387451993787111048}
  - component: {fileID: 7387451993787111050}
  m_Layer: 13
  m_Name: hSpike
  m_TagString: Wall
  m_Icon: {fileID: 0}
  m_NavMeshLayer: 0
  m_StaticEditorFlags: 0
  m_IsActive: 1
--- !u!4 &7387451993787111049
Transform:
  m_ObjectHideFlags: 0
  m_CorrespondingSourceObject: {fileID: 0}
  m_PrefabInstance: {fileID: 0}
  m_PrefabAsset: {fileID: 0}
  m_GameObject: {fileID: 7387451993787111046}
  m_LocalRotation: {x: -0, y: -0, z: -0, w: 1}
  m_LocalPosition: {x: 0.5, y: 0, z: 0}
  m_LocalScale: {x: 1, y: 1, z: 1}
  m_Children: []
  m_Father: {fileID: 7387451994718961243}
  m_RootOrder: 1
  m_LocalEulerAnglesHint: {x: 0, y: 0, z: 0}
--- !u!1839735485 &7387451993787111051
Tilemap:
  m_ObjectHideFlags: 0
  m_CorrespondingSourceObject: {fileID: 0}
  m_PrefabInstance: {fileID: 0}
  m_PrefabAsset: {fileID: 0}
  m_GameObject: {fileID: 7387451993787111046}
  m_Enabled: 1
  m_Tiles: {}
  m_AnimatedTiles: {}
  m_TileAssetArray:
  - m_RefCount: 1
    m_Data: {fileID: 0}
  - m_RefCount: 0
    m_Data: {fileID: 0}
  m_TileSpriteArray:
  - m_RefCount: 1
    m_Data: {fileID: 0}
  - m_RefCount: 0
    m_Data: {fileID: 0}
  m_TileMatrixArray:
  - m_RefCount: 1
    m_Data:
      e00: NaN
      e01: NaN
      e02: -1.6069624e+17
      e03: 0
      e10: NaN
      e11: NaN
      e12: 1.7e-43
      e13: 0
      e20: 0
      e21: -1.6069596e+17
      e22: 0
      e23: 0
      e30: 0
      e31: 1.7e-43
      e32: 0
      e33: 0
  - m_RefCount: 0
    m_Data:
      e00: NaN
      e01: NaN
      e02: 1.3925976e-32
      e03: 1.26e-43
      e10: NaN
      e11: NaN
      e12: 4.5916e-41
      e13: 0
      e20: 0
      e21: 1.3925964e-32
      e22: 1.0469247e-38
      e23: 73574910
      e30: 0
      e31: 4.5916e-41
      e32: 3.949078e-39
      e33: 5.42e-43
  m_TileColorArray:
  - m_RefCount: 1
    m_Data: {r: -3.472089e+14, g: -3.472089e+14, b: -3.472089e+14, a: -3.472089e+14}
  - m_RefCount: 0
    m_Data: {r: 242.28125, g: 242.28125, b: 242.28125, a: 242.28125}
  m_AnimationFrameRate: 1
  m_Color: {r: 1, g: 1, b: 1, a: 1}
  m_Origin: {x: -1, y: -3, z: 0}
  m_Size: {x: 12, y: 6, z: 1}
  m_TileAnchor: {x: 0.5, y: 0.25, z: 0}
  m_TileOrientation: 0
  m_TileOrientationMatrix:
    e00: 1
    e01: 0
    e02: 0
    e03: 0
    e10: 0
    e11: 1
    e12: 0
    e13: 0
    e20: 0
    e21: 0
    e22: 1
    e23: 0
    e30: 0
    e31: 0
    e32: 0
    e33: 1
--- !u!483693784 &7387451993787111048
TilemapRenderer:
  m_ObjectHideFlags: 0
  m_CorrespondingSourceObject: {fileID: 0}
  m_PrefabInstance: {fileID: 0}
  m_PrefabAsset: {fileID: 0}
  m_GameObject: {fileID: 7387451993787111046}
  m_Enabled: 1
  m_CastShadows: 0
  m_ReceiveShadows: 0
  m_DynamicOccludee: 1
  m_MotionVectors: 1
  m_LightProbeUsage: 0
  m_ReflectionProbeUsage: 0
  m_RenderingLayerMask: 1
  m_RendererPriority: 0
  m_Materials:
  - {fileID: 10754, guid: 0000000000000000f000000000000000, type: 0}
  m_StaticBatchInfo:
    firstSubMesh: 0
    subMeshCount: 0
  m_StaticBatchRoot: {fileID: 0}
  m_ProbeAnchor: {fileID: 0}
  m_LightProbeVolumeOverride: {fileID: 0}
  m_ScaleInLightmap: 1
  m_ReceiveGI: 1
  m_PreserveUVs: 0
  m_IgnoreNormalsForChartDetection: 0
  m_ImportantGI: 0
  m_StitchLightmapSeams: 1
  m_SelectedEditorRenderState: 0
  m_MinimumChartSize: 4
  m_AutoUVMaxDistance: 0.5
  m_AutoUVMaxAngle: 89
  m_LightmapParameters: {fileID: 0}
  m_SortingLayerID: 0
  m_SortingLayer: 0
  m_SortingOrder: 4
  m_ChunkSize: {x: 32, y: 32, z: 32}
  m_ChunkCullingBounds: {x: 0, y: 0, z: 0}
  m_MaxChunkCount: 16
  m_MaxFrameAge: 16
  m_SortOrder: 0
  m_Mode: 0
  m_DetectChunkCullingBounds: 0
  m_MaskInteraction: 0
--- !u!19719996 &7387451993787111050
TilemapCollider2D:
  m_ObjectHideFlags: 0
  m_CorrespondingSourceObject: {fileID: 0}
  m_PrefabInstance: {fileID: 0}
  m_PrefabAsset: {fileID: 0}
  m_GameObject: {fileID: 7387451993787111046}
  m_Enabled: 1
  m_Density: 1
  m_Material: {fileID: 0}
  m_IsTrigger: 0
  m_UsedByEffector: 0
  m_UsedByComposite: 0
  m_Offset: {x: 0, y: 0}
  m_MaximumTileChangeCount: 1000
  m_ExtrusionFactor: 0.00001
--- !u!1 &7387451993877602812
GameObject:
  m_ObjectHideFlags: 0
  m_CorrespondingSourceObject: {fileID: 0}
  m_PrefabInstance: {fileID: 0}
  m_PrefabAsset: {fileID: 0}
  serializedVersion: 6
  m_Component:
  - component: {fileID: 7387451993877602815}
  - component: {fileID: 7387451993877602754}
  - component: {fileID: 7387451993877602755}
  - component: {fileID: 7387451993877602753}
  - component: {fileID: 7387451993877602752}
  - component: {fileID: 7387451993877602814}
  m_Layer: 8
  m_Name: Tilemap
  m_TagString: Untagged
  m_Icon: {fileID: 0}
  m_NavMeshLayer: 0
  m_StaticEditorFlags: 0
  m_IsActive: 1
--- !u!4 &7387451993877602815
Transform:
  m_ObjectHideFlags: 0
  m_CorrespondingSourceObject: {fileID: 0}
  m_PrefabInstance: {fileID: 0}
  m_PrefabAsset: {fileID: 0}
  m_GameObject: {fileID: 7387451993877602812}
  m_LocalRotation: {x: -0, y: -0, z: -0, w: 1}
  m_LocalPosition: {x: 0, y: 0, z: 0}
  m_LocalScale: {x: 1, y: 1, z: 1}
  m_Children: []
  m_Father: {fileID: 7387451994718961243}
  m_RootOrder: 0
  m_LocalEulerAnglesHint: {x: 0, y: 0, z: 0}
--- !u!1839735485 &7387451993877602754
Tilemap:
  m_ObjectHideFlags: 0
  m_CorrespondingSourceObject: {fileID: 0}
  m_PrefabInstance: {fileID: 0}
  m_PrefabAsset: {fileID: 0}
  m_GameObject: {fileID: 7387451993877602812}
  m_Enabled: 1
  m_Tiles:
  - first: {x: -9, y: -4, z: 0}
    second:
      m_TileIndex: 9
      m_TileSpriteIndex: 17
      m_TileMatrixIndex: 0
      m_TileColorIndex: 0
      m_ObjectToInstantiate: {fileID: 0}
      m_TileFlags: 1
      m_ColliderType: 1
  - first: {x: -8, y: -4, z: 0}
    second:
      m_TileIndex: 10
      m_TileSpriteIndex: 10
      m_TileMatrixIndex: 0
      m_TileColorIndex: 0
      m_ObjectToInstantiate: {fileID: 0}
      m_TileFlags: 1
      m_ColliderType: 1
  - first: {x: -7, y: -4, z: 0}
    second:
      m_TileIndex: 10
      m_TileSpriteIndex: 10
      m_TileMatrixIndex: 0
      m_TileColorIndex: 0
      m_ObjectToInstantiate: {fileID: 0}
      m_TileFlags: 1
      m_ColliderType: 1
  - first: {x: -6, y: -4, z: 0}
    second:
      m_TileIndex: 10
      m_TileSpriteIndex: 10
      m_TileMatrixIndex: 0
      m_TileColorIndex: 0
      m_ObjectToInstantiate: {fileID: 0}
      m_TileFlags: 1
      m_ColliderType: 1
  - first: {x: -5, y: -4, z: 0}
    second:
      m_TileIndex: 10
      m_TileSpriteIndex: 10
      m_TileMatrixIndex: 0
      m_TileColorIndex: 0
      m_ObjectToInstantiate: {fileID: 0}
      m_TileFlags: 1
      m_ColliderType: 1
  - first: {x: -4, y: -4, z: 0}
    second:
      m_TileIndex: 10
      m_TileSpriteIndex: 10
      m_TileMatrixIndex: 0
      m_TileColorIndex: 0
      m_ObjectToInstantiate: {fileID: 0}
      m_TileFlags: 1
      m_ColliderType: 1
  - first: {x: -3, y: -4, z: 0}
    second:
      m_TileIndex: 10
      m_TileSpriteIndex: 10
      m_TileMatrixIndex: 0
      m_TileColorIndex: 0
      m_ObjectToInstantiate: {fileID: 0}
      m_TileFlags: 1
      m_ColliderType: 1
  - first: {x: -2, y: -4, z: 0}
    second:
      m_TileIndex: 10
      m_TileSpriteIndex: 10
      m_TileMatrixIndex: 0
      m_TileColorIndex: 0
      m_ObjectToInstantiate: {fileID: 0}
      m_TileFlags: 1
      m_ColliderType: 1
  - first: {x: -1, y: -4, z: 0}
    second:
      m_TileIndex: 10
      m_TileSpriteIndex: 10
      m_TileMatrixIndex: 0
      m_TileColorIndex: 0
      m_ObjectToInstantiate: {fileID: 0}
      m_TileFlags: 1
      m_ColliderType: 1
  - first: {x: 0, y: -4, z: 0}
    second:
      m_TileIndex: 10
      m_TileSpriteIndex: 10
      m_TileMatrixIndex: 0
      m_TileColorIndex: 0
      m_ObjectToInstantiate: {fileID: 0}
      m_TileFlags: 1
      m_ColliderType: 1
  - first: {x: 1, y: -4, z: 0}
    second:
      m_TileIndex: 10
      m_TileSpriteIndex: 10
      m_TileMatrixIndex: 0
      m_TileColorIndex: 0
      m_ObjectToInstantiate: {fileID: 0}
      m_TileFlags: 1
      m_ColliderType: 1
  - first: {x: 2, y: -4, z: 0}
    second:
      m_TileIndex: 10
      m_TileSpriteIndex: 10
      m_TileMatrixIndex: 0
      m_TileColorIndex: 0
      m_ObjectToInstantiate: {fileID: 0}
      m_TileFlags: 1
      m_ColliderType: 1
  - first: {x: 3, y: -4, z: 0}
    second:
      m_TileIndex: 10
      m_TileSpriteIndex: 10
      m_TileMatrixIndex: 0
      m_TileColorIndex: 0
      m_ObjectToInstantiate: {fileID: 0}
      m_TileFlags: 1
      m_ColliderType: 1
  - first: {x: 4, y: -4, z: 0}
    second:
      m_TileIndex: 17
      m_TileSpriteIndex: 12
      m_TileMatrixIndex: 0
      m_TileColorIndex: 0
      m_ObjectToInstantiate: {fileID: 0}
      m_TileFlags: 1
      m_ColliderType: 1
  - first: {x: 31, y: -4, z: 0}
    second:
      m_TileIndex: 9
      m_TileSpriteIndex: 17
      m_TileMatrixIndex: 0
      m_TileColorIndex: 0
      m_ObjectToInstantiate: {fileID: 0}
      m_TileFlags: 1
      m_ColliderType: 1
  - first: {x: 32, y: -4, z: 0}
    second:
      m_TileIndex: 10
      m_TileSpriteIndex: 10
      m_TileMatrixIndex: 0
      m_TileColorIndex: 0
      m_ObjectToInstantiate: {fileID: 0}
      m_TileFlags: 1
      m_ColliderType: 1
  - first: {x: 33, y: -4, z: 0}
    second:
      m_TileIndex: 10
      m_TileSpriteIndex: 10
      m_TileMatrixIndex: 0
      m_TileColorIndex: 0
      m_ObjectToInstantiate: {fileID: 0}
      m_TileFlags: 1
      m_ColliderType: 1
  - first: {x: 34, y: -4, z: 0}
    second:
      m_TileIndex: 10
      m_TileSpriteIndex: 10
      m_TileMatrixIndex: 0
      m_TileColorIndex: 0
      m_ObjectToInstantiate: {fileID: 0}
      m_TileFlags: 1
      m_ColliderType: 1
  - first: {x: 35, y: -4, z: 0}
    second:
      m_TileIndex: 10
      m_TileSpriteIndex: 10
      m_TileMatrixIndex: 0
      m_TileColorIndex: 0
      m_ObjectToInstantiate: {fileID: 0}
      m_TileFlags: 1
      m_ColliderType: 1
  - first: {x: 36, y: -4, z: 0}
    second:
      m_TileIndex: 17
      m_TileSpriteIndex: 12
      m_TileMatrixIndex: 0
      m_TileColorIndex: 0
      m_ObjectToInstantiate: {fileID: 0}
      m_TileFlags: 1
      m_ColliderType: 1
  - first: {x: -10, y: -3, z: 0}
    second:
      m_TileIndex: 3
      m_TileSpriteIndex: 18
      m_TileMatrixIndex: 0
      m_TileColorIndex: 0
      m_ObjectToInstantiate: {fileID: 0}
      m_TileFlags: 1
      m_ColliderType: 1
  - first: {x: -9, y: -3, z: 0}
    second:
      m_TileIndex: 7
      m_TileSpriteIndex: 16
      m_TileMatrixIndex: 0
      m_TileColorIndex: 0
      m_ObjectToInstantiate: {fileID: 0}
      m_TileFlags: 1
      m_ColliderType: 1
  - first: {x: -8, y: -3, z: 0}
    second:
      m_TileIndex: 4
      m_TileSpriteIndex: 7
      m_TileMatrixIndex: 0
      m_TileColorIndex: 0
      m_ObjectToInstantiate: {fileID: 0}
      m_TileFlags: 1
      m_ColliderType: 1
  - first: {x: -7, y: -3, z: 0}
    second:
      m_TileIndex: 4
      m_TileSpriteIndex: 7
      m_TileMatrixIndex: 0
      m_TileColorIndex: 0
      m_ObjectToInstantiate: {fileID: 0}
      m_TileFlags: 1
      m_ColliderType: 1
  - first: {x: -6, y: -3, z: 0}
    second:
      m_TileIndex: 4
      m_TileSpriteIndex: 7
      m_TileMatrixIndex: 0
      m_TileColorIndex: 0
      m_ObjectToInstantiate: {fileID: 0}
      m_TileFlags: 1
      m_ColliderType: 1
  - first: {x: -5, y: -3, z: 0}
    second:
      m_TileIndex: 4
      m_TileSpriteIndex: 7
      m_TileMatrixIndex: 0
      m_TileColorIndex: 0
      m_ObjectToInstantiate: {fileID: 0}
      m_TileFlags: 1
      m_ColliderType: 1
  - first: {x: -4, y: -3, z: 0}
    second:
      m_TileIndex: 4
      m_TileSpriteIndex: 7
      m_TileMatrixIndex: 0
      m_TileColorIndex: 0
      m_ObjectToInstantiate: {fileID: 0}
      m_TileFlags: 1
      m_ColliderType: 1
  - first: {x: -3, y: -3, z: 0}
    second:
      m_TileIndex: 4
      m_TileSpriteIndex: 7
      m_TileMatrixIndex: 0
      m_TileColorIndex: 0
      m_ObjectToInstantiate: {fileID: 0}
      m_TileFlags: 1
      m_ColliderType: 1
  - first: {x: -2, y: -3, z: 0}
    second:
      m_TileIndex: 4
      m_TileSpriteIndex: 7
      m_TileMatrixIndex: 0
      m_TileColorIndex: 0
      m_ObjectToInstantiate: {fileID: 0}
      m_TileFlags: 1
      m_ColliderType: 1
  - first: {x: -1, y: -3, z: 0}
    second:
      m_TileIndex: 4
      m_TileSpriteIndex: 7
      m_TileMatrixIndex: 0
      m_TileColorIndex: 0
      m_ObjectToInstantiate: {fileID: 0}
      m_TileFlags: 1
      m_ColliderType: 1
  - first: {x: 0, y: -3, z: 0}
    second:
      m_TileIndex: 4
      m_TileSpriteIndex: 7
      m_TileMatrixIndex: 0
      m_TileColorIndex: 0
      m_ObjectToInstantiate: {fileID: 0}
      m_TileFlags: 1
      m_ColliderType: 1
  - first: {x: 1, y: -3, z: 0}
    second:
      m_TileIndex: 4
      m_TileSpriteIndex: 7
      m_TileMatrixIndex: 0
      m_TileColorIndex: 0
      m_ObjectToInstantiate: {fileID: 0}
      m_TileFlags: 1
      m_ColliderType: 1
  - first: {x: 2, y: -3, z: 0}
    second:
      m_TileIndex: 4
      m_TileSpriteIndex: 7
      m_TileMatrixIndex: 0
      m_TileColorIndex: 0
      m_ObjectToInstantiate: {fileID: 0}
      m_TileFlags: 1
      m_ColliderType: 1
  - first: {x: 3, y: -3, z: 0}
    second:
      m_TileIndex: 4
      m_TileSpriteIndex: 7
      m_TileMatrixIndex: 0
      m_TileColorIndex: 0
      m_ObjectToInstantiate: {fileID: 0}
      m_TileFlags: 1
      m_ColliderType: 1
  - first: {x: 4, y: -3, z: 0}
    second:
      m_TileIndex: 16
      m_TileSpriteIndex: 11
      m_TileMatrixIndex: 0
      m_TileColorIndex: 0
      m_ObjectToInstantiate: {fileID: 0}
      m_TileFlags: 1
      m_ColliderType: 1
  - first: {x: 5, y: -3, z: 0}
    second:
      m_TileIndex: 15
      m_TileSpriteIndex: 9
      m_TileMatrixIndex: 0
      m_TileColorIndex: 0
      m_ObjectToInstantiate: {fileID: 0}
      m_TileFlags: 1
      m_ColliderType: 1
  - first: {x: 30, y: -3, z: 0}
    second:
      m_TileIndex: 3
      m_TileSpriteIndex: 18
      m_TileMatrixIndex: 0
      m_TileColorIndex: 0
      m_ObjectToInstantiate: {fileID: 0}
      m_TileFlags: 1
      m_ColliderType: 1
  - first: {x: 31, y: -3, z: 0}
    second:
      m_TileIndex: 7
      m_TileSpriteIndex: 16
      m_TileMatrixIndex: 0
      m_TileColorIndex: 0
      m_ObjectToInstantiate: {fileID: 0}
      m_TileFlags: 1
      m_ColliderType: 1
  - first: {x: 32, y: -3, z: 0}
    second:
      m_TileIndex: 4
      m_TileSpriteIndex: 7
      m_TileMatrixIndex: 0
      m_TileColorIndex: 0
      m_ObjectToInstantiate: {fileID: 0}
      m_TileFlags: 1
      m_ColliderType: 1
  - first: {x: 33, y: -3, z: 0}
    second:
      m_TileIndex: 4
      m_TileSpriteIndex: 7
      m_TileMatrixIndex: 0
      m_TileColorIndex: 0
      m_ObjectToInstantiate: {fileID: 0}
      m_TileFlags: 1
      m_ColliderType: 1
  - first: {x: 34, y: -3, z: 0}
    second:
      m_TileIndex: 4
      m_TileSpriteIndex: 7
      m_TileMatrixIndex: 0
      m_TileColorIndex: 0
      m_ObjectToInstantiate: {fileID: 0}
      m_TileFlags: 1
      m_ColliderType: 1
  - first: {x: 35, y: -3, z: 0}
    second:
      m_TileIndex: 4
      m_TileSpriteIndex: 7
      m_TileMatrixIndex: 0
      m_TileColorIndex: 0
      m_ObjectToInstantiate: {fileID: 0}
      m_TileFlags: 1
      m_ColliderType: 1
  - first: {x: 36, y: -3, z: 0}
    second:
      m_TileIndex: 16
      m_TileSpriteIndex: 11
      m_TileMatrixIndex: 0
      m_TileColorIndex: 0
      m_ObjectToInstantiate: {fileID: 0}
      m_TileFlags: 1
      m_ColliderType: 1
  - first: {x: 37, y: -3, z: 0}
    second:
      m_TileIndex: 15
      m_TileSpriteIndex: 9
      m_TileMatrixIndex: 0
      m_TileColorIndex: 0
      m_ObjectToInstantiate: {fileID: 0}
      m_TileFlags: 1
      m_ColliderType: 1
  - first: {x: -10, y: -2, z: 0}
    second:
      m_TileIndex: 1
      m_TileSpriteIndex: 13
      m_TileMatrixIndex: 0
      m_TileColorIndex: 0
      m_ObjectToInstantiate: {fileID: 0}
      m_TileFlags: 1
      m_ColliderType: 1
  - first: {x: -9, y: -2, z: 0}
    second:
      m_TileIndex: 6
      m_TileSpriteIndex: 4
      m_TileMatrixIndex: 0
      m_TileColorIndex: 0
      m_ObjectToInstantiate: {fileID: 0}
      m_TileFlags: 1
      m_ColliderType: 1
  - first: {x: -8, y: -2, z: 0}
    second:
      m_TileIndex: 6
      m_TileSpriteIndex: 4
      m_TileMatrixIndex: 0
      m_TileColorIndex: 0
      m_ObjectToInstantiate: {fileID: 0}
      m_TileFlags: 1
      m_ColliderType: 1
  - first: {x: -7, y: -2, z: 0}
    second:
      m_TileIndex: 6
      m_TileSpriteIndex: 4
      m_TileMatrixIndex: 0
      m_TileColorIndex: 0
      m_ObjectToInstantiate: {fileID: 0}
      m_TileFlags: 1
      m_ColliderType: 1
  - first: {x: -6, y: -2, z: 0}
    second:
      m_TileIndex: 6
      m_TileSpriteIndex: 4
      m_TileMatrixIndex: 0
      m_TileColorIndex: 0
      m_ObjectToInstantiate: {fileID: 0}
      m_TileFlags: 1
      m_ColliderType: 1
  - first: {x: -5, y: -2, z: 0}
    second:
      m_TileIndex: 6
      m_TileSpriteIndex: 4
      m_TileMatrixIndex: 0
      m_TileColorIndex: 0
      m_ObjectToInstantiate: {fileID: 0}
      m_TileFlags: 1
      m_ColliderType: 1
  - first: {x: -4, y: -2, z: 0}
    second:
      m_TileIndex: 6
      m_TileSpriteIndex: 4
      m_TileMatrixIndex: 0
      m_TileColorIndex: 0
      m_ObjectToInstantiate: {fileID: 0}
      m_TileFlags: 1
      m_ColliderType: 1
  - first: {x: -3, y: -2, z: 0}
    second:
      m_TileIndex: 6
      m_TileSpriteIndex: 4
      m_TileMatrixIndex: 0
      m_TileColorIndex: 0
      m_ObjectToInstantiate: {fileID: 0}
      m_TileFlags: 1
      m_ColliderType: 1
  - first: {x: -2, y: -2, z: 0}
    second:
      m_TileIndex: 6
      m_TileSpriteIndex: 4
      m_TileMatrixIndex: 0
      m_TileColorIndex: 0
      m_ObjectToInstantiate: {fileID: 0}
      m_TileFlags: 1
      m_ColliderType: 1
  - first: {x: -1, y: -2, z: 0}
    second:
      m_TileIndex: 6
      m_TileSpriteIndex: 4
      m_TileMatrixIndex: 0
      m_TileColorIndex: 0
      m_ObjectToInstantiate: {fileID: 0}
      m_TileFlags: 1
      m_ColliderType: 1
  - first: {x: 0, y: -2, z: 0}
    second:
      m_TileIndex: 6
      m_TileSpriteIndex: 4
      m_TileMatrixIndex: 0
      m_TileColorIndex: 0
      m_ObjectToInstantiate: {fileID: 0}
      m_TileFlags: 1
      m_ColliderType: 1
  - first: {x: 1, y: -2, z: 0}
    second:
      m_TileIndex: 6
      m_TileSpriteIndex: 4
      m_TileMatrixIndex: 0
      m_TileColorIndex: 0
      m_ObjectToInstantiate: {fileID: 0}
      m_TileFlags: 1
      m_ColliderType: 1
  - first: {x: 2, y: -2, z: 0}
    second:
      m_TileIndex: 6
      m_TileSpriteIndex: 4
      m_TileMatrixIndex: 0
      m_TileColorIndex: 0
      m_ObjectToInstantiate: {fileID: 0}
      m_TileFlags: 1
      m_ColliderType: 1
  - first: {x: 3, y: -2, z: 0}
    second:
      m_TileIndex: 6
      m_TileSpriteIndex: 4
      m_TileMatrixIndex: 0
      m_TileColorIndex: 0
      m_ObjectToInstantiate: {fileID: 0}
      m_TileFlags: 1
      m_ColliderType: 1
  - first: {x: 4, y: -2, z: 0}
    second:
      m_TileIndex: 6
      m_TileSpriteIndex: 4
      m_TileMatrixIndex: 0
      m_TileColorIndex: 0
      m_ObjectToInstantiate: {fileID: 0}
      m_TileFlags: 1
      m_ColliderType: 1
  - first: {x: 5, y: -2, z: 0}
    second:
      m_TileIndex: 14
      m_TileSpriteIndex: 8
      m_TileMatrixIndex: 0
      m_TileColorIndex: 0
      m_ObjectToInstantiate: {fileID: 0}
      m_TileFlags: 1
      m_ColliderType: 1
  - first: {x: 6, y: -2, z: 0}
    second:
      m_TileIndex: 13
      m_TileSpriteIndex: 6
      m_TileMatrixIndex: 0
      m_TileColorIndex: 0
      m_ObjectToInstantiate: {fileID: 0}
      m_TileFlags: 1
      m_ColliderType: 1
  - first: {x: 7, y: -2, z: 0}
    second:
      m_TileIndex: 13
      m_TileSpriteIndex: 6
      m_TileMatrixIndex: 0
      m_TileColorIndex: 0
      m_ObjectToInstantiate: {fileID: 0}
      m_TileFlags: 1
      m_ColliderType: 1
  - first: {x: 8, y: -2, z: 0}
    second:
      m_TileIndex: 13
      m_TileSpriteIndex: 6
      m_TileMatrixIndex: 0
      m_TileColorIndex: 0
      m_ObjectToInstantiate: {fileID: 0}
      m_TileFlags: 1
      m_ColliderType: 1
  - first: {x: 9, y: -2, z: 0}
    second:
      m_TileIndex: 13
      m_TileSpriteIndex: 6
      m_TileMatrixIndex: 0
      m_TileColorIndex: 0
      m_ObjectToInstantiate: {fileID: 0}
      m_TileFlags: 1
      m_ColliderType: 1
  - first: {x: 10, y: -2, z: 0}
    second:
      m_TileIndex: 12
      m_TileSpriteIndex: 19
      m_TileMatrixIndex: 0
      m_TileColorIndex: 0
      m_ObjectToInstantiate: {fileID: 0}
      m_TileFlags: 1
      m_ColliderType: 1
  - first: {x: 27, y: -2, z: 0}
    second:
      m_TileIndex: 5
      m_TileSpriteIndex: 5
      m_TileMatrixIndex: 0
      m_TileColorIndex: 0
      m_ObjectToInstantiate: {fileID: 0}
      m_TileFlags: 1
      m_ColliderType: 1
  - first: {x: 28, y: -2, z: 0}
    second:
      m_TileIndex: 2
      m_TileSpriteIndex: 0
      m_TileMatrixIndex: 0
      m_TileColorIndex: 0
      m_ObjectToInstantiate: {fileID: 0}
      m_TileFlags: 1
      m_ColliderType: 1
  - first: {x: 29, y: -2, z: 0}
    second:
      m_TileIndex: 2
      m_TileSpriteIndex: 0
      m_TileMatrixIndex: 0
      m_TileColorIndex: 0
      m_ObjectToInstantiate: {fileID: 0}
      m_TileFlags: 1
      m_ColliderType: 1
  - first: {x: 30, y: -2, z: 0}
    second:
      m_TileIndex: 1
      m_TileSpriteIndex: 13
      m_TileMatrixIndex: 0
      m_TileColorIndex: 0
      m_ObjectToInstantiate: {fileID: 0}
      m_TileFlags: 1
      m_ColliderType: 1
  - first: {x: 31, y: -2, z: 0}
    second:
      m_TileIndex: 6
      m_TileSpriteIndex: 4
      m_TileMatrixIndex: 0
      m_TileColorIndex: 0
      m_ObjectToInstantiate: {fileID: 0}
      m_TileFlags: 1
      m_ColliderType: 1
  - first: {x: 32, y: -2, z: 0}
    second:
      m_TileIndex: 6
      m_TileSpriteIndex: 4
      m_TileMatrixIndex: 0
      m_TileColorIndex: 0
      m_ObjectToInstantiate: {fileID: 0}
      m_TileFlags: 1
      m_ColliderType: 1
  - first: {x: 33, y: -2, z: 0}
    second:
      m_TileIndex: 6
      m_TileSpriteIndex: 4
      m_TileMatrixIndex: 0
      m_TileColorIndex: 0
      m_ObjectToInstantiate: {fileID: 0}
      m_TileFlags: 1
      m_ColliderType: 1
  - first: {x: 34, y: -2, z: 0}
    second:
      m_TileIndex: 6
      m_TileSpriteIndex: 4
      m_TileMatrixIndex: 0
      m_TileColorIndex: 0
      m_ObjectToInstantiate: {fileID: 0}
      m_TileFlags: 1
      m_ColliderType: 1
  - first: {x: 35, y: -2, z: 0}
    second:
      m_TileIndex: 6
      m_TileSpriteIndex: 4
      m_TileMatrixIndex: 0
      m_TileColorIndex: 0
      m_ObjectToInstantiate: {fileID: 0}
      m_TileFlags: 1
      m_ColliderType: 1
  - first: {x: 36, y: -2, z: 0}
    second:
      m_TileIndex: 6
      m_TileSpriteIndex: 4
      m_TileMatrixIndex: 0
      m_TileColorIndex: 0
      m_ObjectToInstantiate: {fileID: 0}
      m_TileFlags: 1
      m_ColliderType: 1
  - first: {x: 37, y: -2, z: 0}
    second:
      m_TileIndex: 14
      m_TileSpriteIndex: 8
      m_TileMatrixIndex: 0
      m_TileColorIndex: 0
      m_ObjectToInstantiate: {fileID: 0}
      m_TileFlags: 1
      m_ColliderType: 1
  m_AnimatedTiles: {}
  m_TileAssetArray:
  - m_RefCount: 0
    m_Data: {fileID: 0}
  - m_RefCount: 2
    m_Data: {fileID: 11400000, guid: d9b4fe5ae44c3fe4d80ebda2ec0d6237, type: 2}
  - m_RefCount: 2
    m_Data: {fileID: 11400000, guid: e7fa8b2e8dfe43b45b6176c56f0f4ae5, type: 2}
  - m_RefCount: 2
    m_Data: {fileID: 11400000, guid: d7025dfdda664274bb256aa73a37b66d, type: 2}
  - m_RefCount: 16
    m_Data: {fileID: 11400000, guid: d6cfebe17d0d5f54684db245b836dab7, type: 2}
  - m_RefCount: 1
    m_Data: {fileID: 11400000, guid: f188fbc01bf4392489f8d46df4971f8d, type: 2}
  - m_RefCount: 20
    m_Data: {fileID: 11400000, guid: 5597e054e706b4440aa9ba1a00fea893, type: 2}
  - m_RefCount: 2
    m_Data: {fileID: 11400000, guid: e3c2bb945a6ed3549bca364a6b05a9eb, type: 2}
  - m_RefCount: 0
    m_Data: {fileID: 0}
  - m_RefCount: 2
    m_Data: {fileID: 11400000, guid: c4e32125068e9d148815ea9613f572fb, type: 2}
  - m_RefCount: 16
    m_Data: {fileID: 11400000, guid: 89c213bff79600e458e0044e6f1c5041, type: 2}
  - m_RefCount: 0
    m_Data: {fileID: 0}
  - m_RefCount: 1
    m_Data: {fileID: 11400000, guid: 1706959d4e65b6e4c91a69c9f182a4d0, type: 2}
  - m_RefCount: 4
    m_Data: {fileID: 11400000, guid: 2ec6eeee5abe135489db00cf74a71e18, type: 2}
  - m_RefCount: 2
    m_Data: {fileID: 11400000, guid: 71de04886dfb98342afa665717e5791a, type: 2}
  - m_RefCount: 2
    m_Data: {fileID: 11400000, guid: 73f7d2056b7f0664fa2a17c33740538c, type: 2}
  - m_RefCount: 2
    m_Data: {fileID: 11400000, guid: cffa8606477eb7c46850b36ab5cc2fa8, type: 2}
  - m_RefCount: 2
    m_Data: {fileID: 11400000, guid: b2852bb937e9834409834a68ae74cb98, type: 2}
  m_TileSpriteArray:
  - m_RefCount: 2
    m_Data: {fileID: 21300010, guid: 261212b977f594d5dbc48631a5c1295c, type: 3}
  - m_RefCount: 0
    m_Data: {fileID: 0}
  - m_RefCount: 0
    m_Data: {fileID: 0}
  - m_RefCount: 2
    m_Data: {fileID: 21300196, guid: 261212b977f594d5dbc48631a5c1295c, type: 3}
  - m_RefCount: 20
    m_Data: {fileID: 21300002, guid: 261212b977f594d5dbc48631a5c1295c, type: 3}
  - m_RefCount: 1
    m_Data: {fileID: 21300008, guid: 261212b977f594d5dbc48631a5c1295c, type: 3}
  - m_RefCount: 4
    m_Data: {fileID: 21300076, guid: 261212b977f594d5dbc48631a5c1295c, type: 3}
  - m_RefCount: 16
    m_Data: {fileID: 21300048, guid: 261212b977f594d5dbc48631a5c1295c, type: 3}
  - m_RefCount: 2
    m_Data: {fileID: 21300004, guid: 261212b977f594d5dbc48631a5c1295c, type: 3}
  - m_RefCount: 2
    m_Data: {fileID: 21300118, guid: 261212b977f594d5dbc48631a5c1295c, type: 3}
  - m_RefCount: 16
    m_Data: {fileID: 21300070, guid: 261212b977f594d5dbc48631a5c1295c, type: 3}
  - m_RefCount: 2
    m_Data: {fileID: 21300116, guid: 261212b977f594d5dbc48631a5c1295c, type: 3}
  - m_RefCount: 2
    m_Data: {fileID: 21300128, guid: 261212b977f594d5dbc48631a5c1295c, type: 3}
  - m_RefCount: 2
    m_Data: {fileID: 21300000, guid: 261212b977f594d5dbc48631a5c1295c, type: 3}
  - m_RefCount: 1
    m_Data: {fileID: 21300100, guid: 261212b977f594d5dbc48631a5c1295c, type: 3}
  - m_RefCount: 4
    m_Data: {fileID: 21300106, guid: 261212b977f594d5dbc48631a5c1295c, type: 3}
  - m_RefCount: 2
    m_Data: {fileID: 21300114, guid: 261212b977f594d5dbc48631a5c1295c, type: 3}
  - m_RefCount: 3
    m_Data: {fileID: 21300126, guid: 261212b977f594d5dbc48631a5c1295c, type: 3}
  - m_RefCount: 2
    m_Data: {fileID: 21300112, guid: 261212b977f594d5dbc48631a5c1295c, type: 3}
  - m_RefCount: 1
    m_Data: {fileID: 21300078, guid: 261212b977f594d5dbc48631a5c1295c, type: 3}
  m_TileMatrixArray:
  - m_RefCount: 76
    m_Data:
      e00: 1
      e01: 0
      e02: 0
      e03: 0
      e10: 0
      e11: 1
      e12: 0
      e13: 0
      e20: 0
      e21: 0
      e22: 1
      e23: 0
      e30: 0
      e31: 0
      e32: 0
      e33: 1
  m_TileColorArray:
  - m_RefCount: 76
    m_Data: {r: 1, g: 1, b: 1, a: 1}
  m_AnimationFrameRate: 1
  m_Color: {r: 1, g: 1, b: 1, a: 1}
  m_Origin: {x: -10, y: -5, z: 0}
  m_Size: {x: 53, y: 12, z: 1}
  m_TileAnchor: {x: 0.5, y: 0.5, z: 0}
  m_TileOrientation: 0
  m_TileOrientationMatrix:
    e00: 1
    e01: 0
    e02: 0
    e03: 0
    e10: 0
    e11: 1
    e12: 0
    e13: 0
    e20: 0
    e21: 0
    e22: 1
    e23: 0
    e30: 0
    e31: 0
    e32: 0
    e33: 1
--- !u!483693784 &7387451993877602755
TilemapRenderer:
  m_ObjectHideFlags: 0
  m_CorrespondingSourceObject: {fileID: 0}
  m_PrefabInstance: {fileID: 0}
  m_PrefabAsset: {fileID: 0}
  m_GameObject: {fileID: 7387451993877602812}
  m_Enabled: 1
  m_CastShadows: 0
  m_ReceiveShadows: 0
  m_DynamicOccludee: 1
  m_MotionVectors: 1
  m_LightProbeUsage: 0
  m_ReflectionProbeUsage: 0
  m_RenderingLayerMask: 1
  m_RendererPriority: 0
  m_Materials:
  - {fileID: 10754, guid: 0000000000000000f000000000000000, type: 0}
  m_StaticBatchInfo:
    firstSubMesh: 0
    subMeshCount: 0
  m_StaticBatchRoot: {fileID: 0}
  m_ProbeAnchor: {fileID: 0}
  m_LightProbeVolumeOverride: {fileID: 0}
  m_ScaleInLightmap: 1
  m_ReceiveGI: 1
  m_PreserveUVs: 0
  m_IgnoreNormalsForChartDetection: 0
  m_ImportantGI: 0
  m_StitchLightmapSeams: 1
  m_SelectedEditorRenderState: 0
  m_MinimumChartSize: 4
  m_AutoUVMaxDistance: 0.5
  m_AutoUVMaxAngle: 89
  m_LightmapParameters: {fileID: 0}
  m_SortingLayerID: 0
  m_SortingLayer: 0
  m_SortingOrder: 4
  m_ChunkSize: {x: 32, y: 32, z: 32}
  m_ChunkCullingBounds: {x: 0.5, y: 0.5, z: 0}
  m_MaxChunkCount: 16
  m_MaxFrameAge: 16
  m_SortOrder: 0
  m_Mode: 0
  m_DetectChunkCullingBounds: 0
  m_MaskInteraction: 0
--- !u!50 &7387451993877602753
Rigidbody2D:
  serializedVersion: 4
  m_ObjectHideFlags: 0
  m_CorrespondingSourceObject: {fileID: 0}
  m_PrefabInstance: {fileID: 0}
  m_PrefabAsset: {fileID: 0}
  m_GameObject: {fileID: 7387451993877602812}
  m_BodyType: 2
  m_Simulated: 1
  m_UseFullKinematicContacts: 0
  m_UseAutoMass: 0
  m_Mass: 1
  m_LinearDrag: 0
  m_AngularDrag: 0.05
  m_GravityScale: 1
  m_Material: {fileID: 0}
  m_Interpolate: 0
  m_SleepingMode: 1
  m_CollisionDetection: 0
  m_Constraints: 0
--- !u!19719996 &7387451993877602752
TilemapCollider2D:
  m_ObjectHideFlags: 0
  m_CorrespondingSourceObject: {fileID: 0}
  m_PrefabInstance: {fileID: 0}
  m_PrefabAsset: {fileID: 0}
  m_GameObject: {fileID: 7387451993877602812}
  m_Enabled: 1
  m_Density: 1
  m_Material: {fileID: 0}
  m_IsTrigger: 0
  m_UsedByEffector: 0
  m_UsedByComposite: 1
  m_Offset: {x: 0, y: 0}
  m_MaximumTileChangeCount: 1000
  m_ExtrusionFactor: 0.00001
--- !u!66 &7387451993877602814
CompositeCollider2D:
  m_ObjectHideFlags: 0
  m_CorrespondingSourceObject: {fileID: 0}
  m_PrefabInstance: {fileID: 0}
  m_PrefabAsset: {fileID: 0}
  m_GameObject: {fileID: 7387451993877602812}
  m_Enabled: 1
  m_Density: 1
  m_Material: {fileID: 0}
  m_IsTrigger: 0
  m_UsedByEffector: 0
  m_UsedByComposite: 0
  m_Offset: {x: 0, y: 0}
  m_GeometryType: 1
  m_GenerationType: 0
  m_EdgeRadius: 0
  m_ColliderPaths:
  - m_Collider: {fileID: 7387451993877602752}
    m_ColliderPaths:
    - - X: 733199984
        Y: -79799992
      - X: 738200000
        Y: -71049985
      - X: 738200029
        Y: -59850000
      - X: 753150024
        Y: -59849986
      - X: 758150016
        Y: -51099993
      - X: 758149987
        Y: -19900000
      - X: 538650048
        Y: -19900029
      - X: 538650056
        Y: -29900006
      - X: 539900044
        Y: -31149998
      - X: 598499968
        Y: -31150027
      - X: 598499979
        Y: -52350008
      - X: 608499976
        Y: -59850000
      - X: 618449984
        Y: -59850029
      - X: 618449995
        Y: -72300000
      - X: 628449992
        Y: -79799992
    - - X: 94799976
        Y: -79799992
      - X: 99799992
        Y: -71049985
      - X: 99800021
        Y: -59850000
      - X: 114750008
        Y: -59849986
      - X: 119750000
        Y: -51099993
      - X: 119750029
        Y: -31149998
      - X: 218250006
        Y: -31149990
      - X: 219500000
        Y: -29899988
      - X: 219499971
        Y: -19900000
      - X: -199500000
        Y: -19900029
      - X: -199499989
        Y: -52350008
      - X: -189499992
        Y: -59850000
      - X: -179550000
        Y: -59850029
      - X: -179549989
        Y: -72300000
      - X: -169549992
        Y: -79799992
  m_CompositePaths:
    m_Paths:
    - - {x: 9.479996, y: -7.979999}
      - {x: 9.98, y: -7.1049976}
      - {x: 9.980005, y: -5.985}
      - {x: 11.475001, y: -5.9849973}
      - {x: 11.975, y: -5.109998}
      - {x: 11.975006, y: -3.1149998}
      - {x: 21.825003, y: -3.1149983}
      - {x: 21.95, y: -2.9899976}
      - {x: 21.949993, y: -1.99}
      - {x: -19.95, y: -1.9900059}
      - {x: -19.949999, y: -5.2350016}
      - {x: -18.949999, y: -5.985}
      - {x: -17.955, y: -5.985006}
      - {x: -17.954998, y: -7.230001}
      - {x: -16.954998, y: -7.979999}
    - - {x: 73.32, y: -7.979999}
      - {x: 73.82, y: -7.1049976}
      - {x: 73.82001, y: -5.985}
      - {x: 75.315, y: -5.9849973}
      - {x: 75.815, y: -5.1099987}
      - {x: 75.814995, y: -1.99}
      - {x: 53.865005, y: -1.9900059}
      - {x: 53.865005, y: -2.9900012}
      - {x: 53.990005, y: -3.1149998}
      - {x: 59.85, y: -3.1150057}
      - {x: 59.85, y: -5.2350016}
      - {x: 60.85, y: -5.985}
      - {x: 61.844997, y: -5.985006}
      - {x: 61.844997, y: -7.230001}
      - {x: 62.844997, y: -7.979999}
  m_VertexDistance: 0.0005
  m_OffsetDistance: 0.000005
--- !u!1 &7387451994583688372
GameObject:
  m_ObjectHideFlags: 0
  m_CorrespondingSourceObject: {fileID: 0}
  m_PrefabInstance: {fileID: 0}
  m_PrefabAsset: {fileID: 0}
  serializedVersion: 6
  m_Component:
  - component: {fileID: 7387451994583688375}
  - component: {fileID: 7387451994583688376}
  - component: {fileID: 7387451994583688377}
  - component: {fileID: 7387451994583688374}
  m_Layer: 13
  m_Name: vSpike
  m_TagString: Wall
  m_Icon: {fileID: 0}
  m_NavMeshLayer: 0
  m_StaticEditorFlags: 0
  m_IsActive: 1
--- !u!4 &7387451994583688375
Transform:
  m_ObjectHideFlags: 0
  m_CorrespondingSourceObject: {fileID: 0}
  m_PrefabInstance: {fileID: 0}
  m_PrefabAsset: {fileID: 0}
  m_GameObject: {fileID: 7387451994583688372}
  m_LocalRotation: {x: 0, y: 0, z: 0.7071068, w: 0.7071068}
  m_LocalPosition: {x: 0.5, y: 0, z: 0}
  m_LocalScale: {x: 1, y: 1, z: 1}
  m_Children: []
  m_Father: {fileID: 7387451994718961243}
  m_RootOrder: 3
  m_LocalEulerAnglesHint: {x: 0, y: 0, z: 90}
--- !u!1839735485 &7387451994583688376
Tilemap:
  m_ObjectHideFlags: 0
  m_CorrespondingSourceObject: {fileID: 0}
  m_PrefabInstance: {fileID: 0}
  m_PrefabAsset: {fileID: 0}
  m_GameObject: {fileID: 7387451994583688372}
  m_Enabled: 1
  m_Tiles:
  - first: {x: -2, y: 10, z: 0}
    second:
      m_TileIndex: 0
      m_TileSpriteIndex: 0
      m_TileMatrixIndex: 0
      m_TileColorIndex: 0
      m_ObjectToInstantiate: {fileID: 0}
      m_TileFlags: 1
      m_ColliderType: 1
  m_AnimatedTiles: {}
  m_TileAssetArray:
  - m_RefCount: 1
    m_Data: {fileID: 11400000, guid: c34d110de5b9a174ab1b1bb3b142f1a5, type: 2}
  m_TileSpriteArray:
  - m_RefCount: 1
    m_Data: {fileID: 21300000, guid: 0049772a1acaf4a49b69bb504ffe2669, type: 3}
  m_TileMatrixArray:
  - m_RefCount: 1
    m_Data:
      e00: 1
      e01: 0
      e02: 0
      e03: 0
      e10: 0
      e11: 1
      e12: 0
      e13: 0
      e20: 0
      e21: 0
      e22: 1
      e23: 0
      e30: 0
      e31: 0
      e32: 0
      e33: 1
  m_TileColorArray:
  - m_RefCount: 1
    m_Data: {r: 1, g: 1, b: 1, a: 1}
  m_AnimationFrameRate: 1
  m_Color: {r: 1, g: 1, b: 1, a: 1}
  m_Origin: {x: -3, y: -34, z: 0}
  m_Size: {x: 9, y: 45, z: 1}
  m_TileAnchor: {x: 0.5, y: 0.5, z: 0}
  m_TileOrientation: 0
  m_TileOrientationMatrix:
    e00: 1
    e01: 0
    e02: 0
    e03: 0
    e10: 0
    e11: 1
    e12: 0
    e13: 0
    e20: 0
    e21: 0
    e22: 1
    e23: 0
    e30: 0
    e31: 0
    e32: 0
    e33: 1
--- !u!483693784 &7387451994583688377
TilemapRenderer:
  m_ObjectHideFlags: 0
  m_CorrespondingSourceObject: {fileID: 0}
  m_PrefabInstance: {fileID: 0}
  m_PrefabAsset: {fileID: 0}
  m_GameObject: {fileID: 7387451994583688372}
  m_Enabled: 1
  m_CastShadows: 0
  m_ReceiveShadows: 0
  m_DynamicOccludee: 1
  m_MotionVectors: 1
  m_LightProbeUsage: 0
  m_ReflectionProbeUsage: 0
  m_RenderingLayerMask: 1
  m_RendererPriority: 0
  m_Materials:
  - {fileID: 10754, guid: 0000000000000000f000000000000000, type: 0}
  m_StaticBatchInfo:
    firstSubMesh: 0
    subMeshCount: 0
  m_StaticBatchRoot: {fileID: 0}
  m_ProbeAnchor: {fileID: 0}
  m_LightProbeVolumeOverride: {fileID: 0}
  m_ScaleInLightmap: 1
  m_ReceiveGI: 1
  m_PreserveUVs: 0
  m_IgnoreNormalsForChartDetection: 0
  m_ImportantGI: 0
  m_StitchLightmapSeams: 1
  m_SelectedEditorRenderState: 0
  m_MinimumChartSize: 4
  m_AutoUVMaxDistance: 0.5
  m_AutoUVMaxAngle: 89
  m_LightmapParameters: {fileID: 0}
  m_SortingLayerID: 0
  m_SortingLayer: 0
  m_SortingOrder: 4
  m_ChunkSize: {x: 32, y: 32, z: 32}
  m_ChunkCullingBounds: {x: 0.4375, y: 0.125, z: 0}
  m_MaxChunkCount: 16
  m_MaxFrameAge: 16
  m_SortOrder: 0
  m_Mode: 0
  m_DetectChunkCullingBounds: 0
  m_MaskInteraction: 0
--- !u!19719996 &7387451994583688374
TilemapCollider2D:
  m_ObjectHideFlags: 0
  m_CorrespondingSourceObject: {fileID: 0}
  m_PrefabInstance: {fileID: 0}
  m_PrefabAsset: {fileID: 0}
  m_GameObject: {fileID: 7387451994583688372}
  m_Enabled: 1
  m_Density: 1
  m_Material: {fileID: 0}
  m_IsTrigger: 0
  m_UsedByEffector: 0
  m_UsedByComposite: 0
  m_Offset: {x: 0, y: 0}
  m_MaximumTileChangeCount: 1000
  m_ExtrusionFactor: 0.00001
--- !u!1 &7387451994718961241
GameObject:
  m_ObjectHideFlags: 0
  m_CorrespondingSourceObject: {fileID: 0}
  m_PrefabInstance: {fileID: 0}
  m_PrefabAsset: {fileID: 0}
  serializedVersion: 6
  m_Component:
  - component: {fileID: 7387451994718961243}
  - component: {fileID: 7387451994718961240}
  m_Layer: 8
  m_Name: Grid
  m_TagString: Untagged
  m_Icon: {fileID: 0}
  m_NavMeshLayer: 0
  m_StaticEditorFlags: 0
  m_IsActive: 1
--- !u!4 &7387451994718961243
Transform:
  m_ObjectHideFlags: 0
  m_CorrespondingSourceObject: {fileID: 0}
  m_PrefabInstance: {fileID: 0}
  m_PrefabAsset: {fileID: 0}
  m_GameObject: {fileID: 7387451994718961241}
  m_LocalRotation: {x: -0, y: -0, z: -0, w: 1}
  m_LocalPosition: {x: 17.7489, y: -1.8484192, z: 1.7616737}
  m_LocalScale: {x: 1, y: 1, z: 1}
  m_Children:
  - {fileID: 7387451993877602815}
  - {fileID: 7387451993787111049}
  - {fileID: 7423180076551945960}
  - {fileID: 7387451994583688375}
  - {fileID: 6527592652621440379}
  m_Father: {fileID: 2514093442660502489}
  m_RootOrder: 1
  m_LocalEulerAnglesHint: {x: 0, y: 0, z: 0}
--- !u!156049354 &7387451994718961240
Grid:
  m_ObjectHideFlags: 0
  m_CorrespondingSourceObject: {fileID: 0}
  m_PrefabInstance: {fileID: 0}
  m_PrefabAsset: {fileID: 0}
  m_GameObject: {fileID: 7387451994718961241}
  m_Enabled: 1
  m_CellSize: {x: 2, y: 2, z: 0}
  m_CellGap: {x: -0.005, y: -0.005, z: 0}
  m_CellLayout: 0
  m_CellSwizzle: 0
--- !u!1 &7508067386063646135
GameObject:
  m_ObjectHideFlags: 0
  m_CorrespondingSourceObject: {fileID: 0}
  m_PrefabInstance: {fileID: 0}
  m_PrefabAsset: {fileID: 0}
  serializedVersion: 6
  m_Component:
  - component: {fileID: 6968316712602889210}
  - component: {fileID: 1822509002636715395}
  m_Layer: 0
  m_Name: house
  m_TagString: Untagged
  m_Icon: {fileID: 0}
  m_NavMeshLayer: 0
  m_StaticEditorFlags: 0
  m_IsActive: 1
--- !u!4 &6968316712602889210
Transform:
  m_ObjectHideFlags: 0
  m_CorrespondingSourceObject: {fileID: 0}
  m_PrefabInstance: {fileID: 0}
  m_PrefabAsset: {fileID: 0}
  m_GameObject: {fileID: 7508067386063646135}
  m_LocalRotation: {x: -0, y: -0, z: -0, w: 1}
  m_LocalPosition: {x: 16.73, y: 2.309, z: 1.762}
  m_LocalScale: {x: 5.7203197, y: 5.7203197, z: 5.7203197}
  m_Children: []
  m_Father: {fileID: 2264762250067223090}
  m_RootOrder: 0
  m_LocalEulerAnglesHint: {x: 0, y: 0, z: 0}
--- !u!212 &1822509002636715395
SpriteRenderer:
  m_ObjectHideFlags: 0
  m_CorrespondingSourceObject: {fileID: 0}
  m_PrefabInstance: {fileID: 0}
  m_PrefabAsset: {fileID: 0}
  m_GameObject: {fileID: 7508067386063646135}
  m_Enabled: 1
  m_CastShadows: 0
  m_ReceiveShadows: 0
  m_DynamicOccludee: 1
  m_MotionVectors: 1
  m_LightProbeUsage: 1
  m_ReflectionProbeUsage: 1
  m_RenderingLayerMask: 1
  m_RendererPriority: 0
  m_Materials:
  - {fileID: 10754, guid: 0000000000000000f000000000000000, type: 0}
  m_StaticBatchInfo:
    firstSubMesh: 0
    subMeshCount: 0
  m_StaticBatchRoot: {fileID: 0}
  m_ProbeAnchor: {fileID: 0}
  m_LightProbeVolumeOverride: {fileID: 0}
  m_ScaleInLightmap: 1
  m_ReceiveGI: 1
  m_PreserveUVs: 0
  m_IgnoreNormalsForChartDetection: 0
  m_ImportantGI: 0
  m_StitchLightmapSeams: 1
  m_SelectedEditorRenderState: 0
  m_MinimumChartSize: 4
  m_AutoUVMaxDistance: 0.5
  m_AutoUVMaxAngle: 89
  m_LightmapParameters: {fileID: 0}
  m_SortingLayerID: 0
  m_SortingLayer: 0
  m_SortingOrder: 0
  m_Sprite: {fileID: 21300000, guid: 52422ada2db954026a3ae1f1ba6b4486, type: 3}
  m_Color: {r: 1, g: 1, b: 1, a: 1}
  m_FlipX: 0
  m_FlipY: 0
  m_DrawMode: 0
  m_Size: {x: 1.74, y: 2.16}
  m_AdaptiveModeThreshold: 0.5
  m_SpriteTileMode: 0
  m_WasSpriteAssigned: 1
  m_MaskInteraction: 0
  m_SpriteSortPoint: 0
--- !u!1 &8097785031765475674
GameObject:
  m_ObjectHideFlags: 0
  m_CorrespondingSourceObject: {fileID: 0}
  m_PrefabInstance: {fileID: 0}
  m_PrefabAsset: {fileID: 0}
  serializedVersion: 6
  m_Component:
  - component: {fileID: 2514093442660502489}
  m_Layer: 0
  m_Name: Level Block 6
  m_TagString: Untagged
  m_Icon: {fileID: 0}
  m_NavMeshLayer: 0
  m_StaticEditorFlags: 0
  m_IsActive: 1
--- !u!4 &2514093442660502489
Transform:
  m_ObjectHideFlags: 0
  m_CorrespondingSourceObject: {fileID: 0}
  m_PrefabInstance: {fileID: 0}
  m_PrefabAsset: {fileID: 0}
  m_GameObject: {fileID: 8097785031765475674}
  m_LocalRotation: {x: 0, y: 0, z: 0, w: 1}
  m_LocalPosition: {x: -17.7489, y: 1.8484192, z: -1.7616737}
  m_LocalScale: {x: 1, y: 1, z: 1}
  m_Children:
  - {fileID: 3754617696667798802}
  - {fileID: 7387451994718961243}
  - {fileID: 2264762250067223090}
  - {fileID: 4542607074997475393}
  - {fileID: 663424639525106557}
  - {fileID: 1267733283190599654}
  m_Father: {fileID: 0}
  m_RootOrder: 0
  m_LocalEulerAnglesHint: {x: 0, y: 0, z: 0}
--- !u!1001 &3895518084670032128
PrefabInstance:
  m_ObjectHideFlags: 0
  serializedVersion: 2
  m_Modification:
    m_TransformParent: {fileID: 2514093442660502489}
    m_Modifications:
    - target: {fileID: 8676036257241584704, guid: 55c43826f9179fb40a5dfff4fad01a6f,
        type: 3}
      propertyPath: m_Name
      value: FallCollider
      objectReference: {fileID: 0}
    - target: {fileID: 2853115830741100262, guid: 55c43826f9179fb40a5dfff4fad01a6f,
        type: 3}
      propertyPath: m_LocalPosition.x
      value: 58.5
      objectReference: {fileID: 0}
    - target: {fileID: 2853115830741100262, guid: 55c43826f9179fb40a5dfff4fad01a6f,
        type: 3}
      propertyPath: m_LocalPosition.y
      value: -13
      objectReference: {fileID: 0}
    - target: {fileID: 2853115830741100262, guid: 55c43826f9179fb40a5dfff4fad01a6f,
        type: 3}
      propertyPath: m_LocalPosition.z
      value: -0.04272604
      objectReference: {fileID: 0}
    - target: {fileID: 2853115830741100262, guid: 55c43826f9179fb40a5dfff4fad01a6f,
        type: 3}
      propertyPath: m_LocalRotation.x
      value: -0
      objectReference: {fileID: 0}
    - target: {fileID: 2853115830741100262, guid: 55c43826f9179fb40a5dfff4fad01a6f,
        type: 3}
      propertyPath: m_LocalRotation.y
      value: -0
      objectReference: {fileID: 0}
    - target: {fileID: 2853115830741100262, guid: 55c43826f9179fb40a5dfff4fad01a6f,
        type: 3}
      propertyPath: m_LocalRotation.z
      value: -0
      objectReference: {fileID: 0}
    - target: {fileID: 2853115830741100262, guid: 55c43826f9179fb40a5dfff4fad01a6f,
        type: 3}
      propertyPath: m_LocalRotation.w
      value: 1
      objectReference: {fileID: 0}
    - target: {fileID: 2853115830741100262, guid: 55c43826f9179fb40a5dfff4fad01a6f,
        type: 3}
      propertyPath: m_RootOrder
      value: 5
      objectReference: {fileID: 0}
    - target: {fileID: 2853115830741100262, guid: 55c43826f9179fb40a5dfff4fad01a6f,
        type: 3}
      propertyPath: m_LocalEulerAnglesHint.x
      value: 0
      objectReference: {fileID: 0}
    - target: {fileID: 2853115830741100262, guid: 55c43826f9179fb40a5dfff4fad01a6f,
        type: 3}
      propertyPath: m_LocalEulerAnglesHint.y
      value: 0
      objectReference: {fileID: 0}
    - target: {fileID: 2853115830741100262, guid: 55c43826f9179fb40a5dfff4fad01a6f,
        type: 3}
      propertyPath: m_LocalEulerAnglesHint.z
      value: 0
      objectReference: {fileID: 0}
    m_RemovedComponents: []
  m_SourcePrefab: {fileID: 100100000, guid: 55c43826f9179fb40a5dfff4fad01a6f, type: 3}
--- !u!4 &1267733283190599654 stripped
Transform:
  m_CorrespondingSourceObject: {fileID: 2853115830741100262, guid: 55c43826f9179fb40a5dfff4fad01a6f,
    type: 3}
  m_PrefabInstance: {fileID: 3895518084670032128}
  m_PrefabAsset: {fileID: 0}
--- !u!1001 &6822639856533465771
PrefabInstance:
  m_ObjectHideFlags: 0
  serializedVersion: 2
  m_Modification:
    m_TransformParent: {fileID: 663424639525106557}
    m_Modifications:
    - target: {fileID: 7101889013290617695, guid: 33b2806ece6cbe24f9a46bea14ce42d1,
        type: 3}
      propertyPath: m_Name
      value: Coin
      objectReference: {fileID: 0}
    - target: {fileID: 6412056601868906173, guid: 33b2806ece6cbe24f9a46bea14ce42d1,
        type: 3}
      propertyPath: m_LocalPosition.x
      value: 57
      objectReference: {fileID: 0}
    - target: {fileID: 6412056601868906173, guid: 33b2806ece6cbe24f9a46bea14ce42d1,
        type: 3}
      propertyPath: m_LocalPosition.y
      value: 5
      objectReference: {fileID: 0}
    - target: {fileID: 6412056601868906173, guid: 33b2806ece6cbe24f9a46bea14ce42d1,
        type: 3}
      propertyPath: m_LocalPosition.z
      value: 0
      objectReference: {fileID: 0}
    - target: {fileID: 6412056601868906173, guid: 33b2806ece6cbe24f9a46bea14ce42d1,
        type: 3}
      propertyPath: m_LocalRotation.x
      value: -0
      objectReference: {fileID: 0}
    - target: {fileID: 6412056601868906173, guid: 33b2806ece6cbe24f9a46bea14ce42d1,
        type: 3}
      propertyPath: m_LocalRotation.y
      value: -0
      objectReference: {fileID: 0}
    - target: {fileID: 6412056601868906173, guid: 33b2806ece6cbe24f9a46bea14ce42d1,
        type: 3}
      propertyPath: m_LocalRotation.z
      value: -0
      objectReference: {fileID: 0}
    - target: {fileID: 6412056601868906173, guid: 33b2806ece6cbe24f9a46bea14ce42d1,
        type: 3}
      propertyPath: m_LocalRotation.w
      value: 1
      objectReference: {fileID: 0}
    - target: {fileID: 6412056601868906173, guid: 33b2806ece6cbe24f9a46bea14ce42d1,
        type: 3}
      propertyPath: m_RootOrder
      value: 0
      objectReference: {fileID: 0}
    - target: {fileID: 6412056601868906173, guid: 33b2806ece6cbe24f9a46bea14ce42d1,
        type: 3}
      propertyPath: m_LocalEulerAnglesHint.x
      value: 0
      objectReference: {fileID: 0}
    - target: {fileID: 6412056601868906173, guid: 33b2806ece6cbe24f9a46bea14ce42d1,
        type: 3}
      propertyPath: m_LocalEulerAnglesHint.y
      value: 0
      objectReference: {fileID: 0}
    - target: {fileID: 6412056601868906173, guid: 33b2806ece6cbe24f9a46bea14ce42d1,
        type: 3}
      propertyPath: m_LocalEulerAnglesHint.z
      value: 0
      objectReference: {fileID: 0}
    m_RemovedComponents: []
  m_SourcePrefab: {fileID: 100100000, guid: 33b2806ece6cbe24f9a46bea14ce42d1, type: 3}
--- !u!4 &455656640776061974 stripped
Transform:
  m_CorrespondingSourceObject: {fileID: 6412056601868906173, guid: 33b2806ece6cbe24f9a46bea14ce42d1,
    type: 3}
  m_PrefabInstance: {fileID: 6822639856533465771}
  m_PrefabAsset: {fileID: 0}
